<?xml version="1.0" encoding="UTF-8"?><record xmlns="http://www.loc.gov/MARC21/slim" xmlns:cinclude="http://apache.org/cocoon/include/1.0" xmlns:zs="http://www.loc.gov/zing/srw/">
  <leader>00737cz  a2200169n  4500</leader>
  <controlfield tag="001">n 2010062077</controlfield>
  <controlfield tag="003">DLC</controlfield>
  <controlfield tag="005">20160903075520.0</controlfield>
  <controlfield tag="008">100920n| azannaabn          |a ana      </controlfield>
  <datafield tag="010" ind1=" " ind2=" ">
    <subfield code="a">n 2010062077</subfield>
  </datafield>
  <datafield tag="035" ind1=" " ind2=" ">
    <subfield code="a">(OCoLC)oca08630483</subfield>
  </datafield>
  <datafield tag="040" ind1=" " ind2=" ">
    <subfield code="a">DLC</subfield>
    <subfield code="b">eng</subfield>
    <subfield code="e">rda</subfield>
    <subfield code="c">DLC</subfield>
    <subfield code="d">IEN</subfield>
  </datafield>
  <datafield tag="046" ind1=" " ind2=" ">
    <subfield code="s">1966</subfield>
    <subfield code="2">edtf</subfield>
  </datafield>
  <datafield tag="110" ind1="2" ind2=" ">
    <subfield code="a">California State Old-Time Fiddlers' Association</subfield>
  </datafield>
  <datafield tag="410" ind1="2" ind2=" ">
    <subfield code="a">Calif. State Old-Time Fiddlers Association</subfield>
  </datafield>
  <datafield tag="670" ind1=" " ind2=" ">
    <subfield code="a">Leivers, George Kenneth. Structure and function of an old-time fiddlers' association, 1974:</subfield>
    <subfield code="b">p. 45 (California State Old-Time Fiddlers' Association; established in 1966)</subfield>
  </datafield>
  <datafield tag="670" ind1=" " ind2=" ">
    <subfield code="a">California State Old-Time Fiddlers' Association. The sound post, May 1974:</subfield>
    <subfield code="b">title page (Calif. State Old-Time Fiddlers Association)</subfield>
  </datafield>
</record>